@book{analayo2011,
  title={{A Comparative Study of the Majjhima-nikāya}},
  author={Bhikkhu Anālayo},
  publisher={Dharma Drum Academic Publisher},
  year={2011}
}

@book{sujatobrahmali,
  title={{The Authenticity of the Early Buddhist Texts}},
  author={Bhikkhu Sujato and Bhikkhu Brahmali},
  year={2014},
  publisher={Buddhist Publication Society},
  url = {http://ocbs.org/wp-content/uploads/2015/09/authenticity.pdf}
}

@book{sujato2009,
  title={{Bhikkhuni Vinaya Studies}},
  author={Bhikkhu Sujato},
  year={2009},
  publisher={Lulu},
  url = {https://www.lulu.com/shop/bhikkhu-sujato/shop/bhikkhu-sujato/bhikkhuni-vinaya-studies/paperback/product-1gjw8vnr.html}
}

@article{zwilling,
  title={{Like a City Ablaze: The Third Sex and the Creation of Sexuality in Jain Religious Literature}},
  author={Zwilling, L. and Sweet, M.J.},
  year={1996},
  journal={Journal of the History of Sexuality}
}

@article{zwilling1998,
  title={{Avoidance and Exclusion: Same-Sex Sexuality in Indian Buddhism}},
  author={Zwilling, L.},
  year={1998},
  publisher={Gay Sunshine Press},
  journal={Queer Dharma}
}

@article{zwilling2000,
  title={{The Evolution of Third-Sex Constructs in Ancient India: A Study in Ambiguity}},
  author={Zwilling, L. and Sweet, M.J.},
  year={2000},
  publisher={Oxford University Press},
  journal={SOAS Studies on South Asia}
}

@book{dundas,
  title={The Jains},
  author={Dundas, P.},
  isbn={9780415266062},
  lccn={2002074329},
  series={Library of religious beliefs and practices},
  url={https://books.google.be/books?id=jt6-YXE2aUwC},
  year={1964},
  publisher={Routledge}
}

@article{jakobi,
  title={Jaina Sutras},
  author={Jacobi, H.},
  series={The Sacred Books of the East, vol. 22},
  year={1964}
}

@article{analayo2018,
  title={{Bhikkhunī Ordination from Ancient India to Contemporary Sri Lanka}},
  author={Bhikkhu Anālayo},
  journal={Āgama Research Group},
  year={2018}
}

@article{analayo2018-2,
  title={{The Case for Reviving the Bhikkhunī Order by Single Ordination}},
  author={Bhikkhu Anālayo},
  journal={Journal of Buddhist Ethics},
  year={2018}
}

@article{analayo2013,
  title={{The Legality of Bhikkhunī Ordination}},
  author={Bhikkhu Anālayo},
  journal={Journal of Buddhist Ethics, Special 20th Anniversary Issue},
  year={2013}
}

@article{maes,
  title={{Dialogues With(in) the Pāli Vinaya. A Research into the Dynamicsand Dialectics of the Pāli Vinaya’s Ascetic other, with a Special Focus on the Jain Ascetic other.}},
  author={Maes, C.},
  journal={Ghent University},
  year={2015}
}

@article{vimala,
  title={{The meaning of paṇḍaka in light of the Vedic and Jain scriptures}},
  author={Bhikkhunī Vimala},
  year={2019},
  journal={},
  url = {https://samita.be/en/2019/05/29/the-meaning-of-pa%e1%b9%87%e1%b8%8daka-in-light-of-the-vedic-and-jain-scriptures/}
}

@article{un2015,
  title={{Free and Equal Campaign Fact Sheet: Intersex}},
  author={UN Office of the High Commissioner for Human Rights},
  year={2015},
  journal={},
  url = {https://unfe.org/system/unfe-65-Intersex_Factsheet_ENGLISH.pdf}
}

@article{nlm,
  title={{Intersex}},
  author={US National Library of Medicine},
  url={https://medlineplus.gov/ency/article/001669.htm}
}

@article{is2013,
  title={{Is a person who is intersex a hermaphrodite?}},
  author={Intersex Society of North America},
  year={2013},
  journal={},
  url = {https://web.archive.org/web/20130701061246/http://www.isna.org/faq/hermaphrodite}
}

@book{altilio,
  title={{Oxford Textbook of Palliative Social Work}},
  author={Altilio, T. and Otis-Green, S.},
  year={2011},
  publisher={Oxford University Press},
  url = {https://books.google.com/books?id=XS3XJL_RGIgC&pg=PA380}
}

@article{polly,
  title={{Understanding the transsexual patient: culturally sensitive care in emergency nursing practice}},
  author={Polly, R. and Nicole, J.},
  year={2011},
  journal={Advanced Emergency Nursing Journal}
}

@book{maizes,
  title={{Integrative Women's Health}},
  author={Maizes, V.},
  year={2015},
  publisher={American Psychiatric Association}
}

@article{vasumathi,
  title={{Transgender Identity As Hidden in Vedic Literature And Society}},
  author={Vasumathi, Dr. T and Geethanjali, M.},
  year={2018},
  journal={International Journal of Humanities and Social Science Invention (IJHSSI)},
  url = {http://www.ijhssi.org/papers/vol7(1)/Version-1/K0701016265.pdf}
}

@article{michelraj,
  title={{Historical Evolution of Transgender Community in India}},
  author={Michelraj, M.},
  year={2015},
  journal={Asian Review of Social Sciences},
  url = {http://www.trp.org.in/wp-content/uploads/2015/10/ARSS-Vol.4-No.1-Jan-June-2015-pp.17-19.pdf}
}

@article{nanda,
  title={{Neither Man nor Woman, The Hijras of India}},
  author={Nanda, S.},
  year={1999},
  journal={John Jay College of Criminal Justice, Wadsworth Publishing Company},
  url = {https://petervas.files.wordpress.com/2013/03/serena_nanda.pdf}
}
